<?xml version="1.0" encoding="UTF-8"?><collection xmlns="http://www.loc.gov/MARC21/slim"><record><leader>00491nam--2200181-i-4500</leader><controlfield tag="001">000027892</controlfield><controlfield tag="002">20161230</controlfield><controlfield tag="005">20161230201037</controlfield><controlfield tag="008">060222s1000------------r-----000-0-eng-d</controlfield><datafield ind1=" " ind2=" " tag="040"><subfield code="a">IFIN-HH</subfield></datafield><datafield ind1=" " ind2=" " tag="080"><subfield code="a">537.531</subfield></datafield><datafield ind1="1" ind2=" " tag="100"><subfield code="a">Tsien, K.C</subfield></datafield><datafield ind1="1" ind2="0" tag="245"><subfield code="a">Isodose Charts and Depth Dose Tables for Madium Energy X Rays</subfield><subfield code="c">K.C. Tsien, M. Cohen</subfield></datafield><datafield ind1=" " ind2=" " tag="260"><subfield code="a">London</subfield><subfield code="b">Butterworths</subfield><subfield code="c">1962</subfield></datafield><datafield ind1=" " ind2=" " tag="300"><subfield code="a">xx+49p.+planse</subfield></datafield><datafield ind1="1" ind2=" " tag="700"><subfield code="a">Cohen, M</subfield></datafield><datafield ind1=" " ind2=" " tag="852"><subfield code="a">18522</subfield><subfield code="c">53.081</subfield></datafield><datafield ind1=" " ind2=" " tag="CAT"><subfield code="a">Sys</subfield><subfield code="c">20160324</subfield><subfield code="h">152726</subfield></datafield></record></collection>